@InProceedings{brep,
  author = 	 "A. Sousa and C. Baquero and J. Pereira and
                  R. Oliveira and F. Moura",
  title = 	 "A Human Centered Perspective for Mobile Information 
                  Sharing and Delivery",
  booktitle = 	 "Workshop Reader of the 10th European Conference on
                  Object-Oriented Programming (ECOOP'96)",
  pages =	 412--419,
  year =	 1996,
  editor =	 "Max Mühlhäuser",
  series =	 "Special Issues in Object-Oriented Programming",
  publisher =	 "Dpunkt Verlag"
}

@Article{pickle,
  author = 	 {R. Riggs and J. Waldo and A. Wollrath and K. Bharath},
  title = 	 "Pickling State in the {Java} System",
  journal = 	 {Usenix Computing Systems},
  year = 	 1996,
  volume =	 9,
  number =	 4,
  month =	 {Fall},
  pages =	 {291--312}
}

@InBook{corba-es,
  title = 	 "CORBAservices: Common Object Services Specification",
  chapter = 	 "8, Externalization Service Specification",
  publisher = 	 "Object Management Group",
  volume =       1,
  year = 	 1996,
}

@Book{corba,
  title = 	 "The Common Object Request Broker: Architecture and
                  Specification",
  publisher = 	 "Object Management Group",
  year = 	 1996,
}

@Book{corba-giop,
  author =	 "Object Management Group",
  title = 	 "The Common Object Request Broker: Architecture and
                  Specification",
  publisher = 	 "Object Management Group",
  year = 	 1996,
}

@TechReport{rfcxdr,
  author =       "Raj Srinivasan",
  title =        "{XDR: External Data Representation Standard}",
  institution =  "Sun Microsystems",
  year =         1995,
  type =         "RFC",
  number =       1832,
  month =        aug,
}

@InProceedings{kiczales,
  author = 	 "Gregor Kiczales",
  title = 	 "Towards a New Model of Abstraction in Software
                  Engineering",
  booktitle = 	 "Proceedings of the IMSA'92 Workshop on Reflection and
                  Meta-level Architectures",
  year =	 1992
}

@TechReport{stl,
  author =       "A. Stepanov and M. Lee",
  title =        "{The Standard Template Library}",
  institution =  "ISO Programming Language C++ Project",
  year =         "1994",
  number =       "X3J16/94-0095, WG21/N0482",
  month =        may,
}

@Article{Alicea:1996:UUS,
  author =       "H. Alicea and G. Glass",
  title =        "Using the universal streaming service with {CORBA}",
  journal =      "C++ Report",
  volume =       "8",
  number =       "8",
  pages =        "12--19",
  month =        sep,
  year =         "1996",
  coden =        "CRPTE7",
  ISSN =         "1040-6042",
  bibdate =      "Tue Mar 25 13:34:48 MST 1997",
  acknowledgement = ack-nhfb,
  classcodes =   "C6110J (Object-oriented programming); C6150N
                 (Distributed systems software); C6120 (File
                 organisation)",
  corpsource =   "Manugistics, Rockville, MD, USA",
  keywords =     "abstract data types; business object; call-by-;
                 client-server systems; Common Object Request Broker
                 Architecture; complex data objects; CORBA; CORBA
                 clients; CORBA Request handle; distributed systems
                 development; interface definition language;
                 interprocess communication; IONA Orbix; lightweight;
                 mechanism; models; network distribution; object
                 classes; object-oriented; opaque data types;
                 pass-by-value; persistent transportable objects;
                 programming; servers; software libraries; standard; STL
                 containers; template library; universal streaming
                 service; value parameter",
  treatment =    "P Practical",
}

@Book{sunxdr,
  author =       "John Corbin",
  title =        "The Art of Distributed Applications: Programming
                 Techniques for Remote Procedure Call",
  publisher =    "Springer",
  address =      "Berlin",
  year =         "1990",
  ISBN =         "3-540-97247-1",
  descriptor =   "RPC, SunOS, Verteiltes System",
  annote =       "Das vorliegende Buch dient als Ergaenzung zum SUN RPC
                 Handbuch und vermittelt die notwendigen Kenntnisse zum
                 Schreiben verteilter Anwendungen mittels der SUN OS 4.0
                 Version der RPC Bibliothek.",
}

@Misc{groupz,
  author =	 "J. Pereira and R. Oliveira",
  title =	 "Object-Oriented Open Implementation of Realiable
                  Communication Protocols",
  howpublished = "OOPSLA'97 Workshop on Dependable Distributed Systems",
  month =	 October,
  year =	 1996
}

@Book{stroustrup,
  key =          "Stroustrup",
  author =       "Bjarne Stroustrup",
  title =        "The {C}++ Programming Language: Third Edition",
  publisher =    "Addison-Wesley",
  address =      "Reading, Mass.",
  year =         "1997",
}

@Manual{isocpp,
  title =        "{D}raft {P}roposed {I}nternational {S}tandard for
                 {I}nformation {S}ystems: {P}rogramming Language
                 {C++}",
  key =          "ANSI-C++, 1995",
  organization = "ANSI document X3J16/95--0087, ISO document
                 WG21/N0618",
  month =        apr,
  year =         1995,
}

@Book{patterns,
  author =       "E. Gamma and R. Helm and R. Johnson and
                 J. Vlissides",
  title =        "Design Patterns: Elements of Reusable Object-Oriented
                 Software",
  publisher =    "Addison Wesley",
  address =      "Reading, Mass.",
  year =         1994,
  ISBN =         "0-201-63361-2",
  descriptor =   "Wiederverwendung, Software-Design, Programmieren,
                 Pattern, Objekt-orientiert, Design",
  annote =       "Folgende Themengebiete werden behandelt: - Creational
                 Patterns: Abstract Factory, Builder, Factory Method,
                 Prototype, Singleton. - Structural Patterns: Adapter,
                 Bridge, Composit, Facade, Flyweight, Proxy. -
                 Behavioral Patterns: Chain of Responsibility, Command,
                 Interpreter, Iterator, Mediator, Observer, State,
                 Strategy, Template Method, Visitor. - Struktur,
                 Implementierung und Beispielanwendungen fuer alle
                 Patterns.",
}